<record xmlns="http://www.loc.gov/MARC21/slim" xmlns:xsi="http://www.w3.org/2001/XMLSchema-instance" xsi:schemaLocation="http://www.loc.gov/MARC21/slim http://www.loc.gov/standards/marcxml/schema/MARC21slim.xsd"><leader>00523cz   2200181n  4500</leader><controlfield tag="001">oca00321609 </controlfield><controlfield tag="005">20011128052737.0</controlfield><controlfield tag="008">800528n| acannaabn          |a aaa      </controlfield><datafield ind1=" " ind2=" " tag="010"><subfield code="a">n  79089234 </subfield></datafield><datafield ind1=" " ind2=" " tag="040"><subfield code="a">DLC</subfield><subfield code="b">eng</subfield><subfield code="c">DLC</subfield><subfield code="d">INS-SF</subfield><subfield code="d">OCoLC</subfield></datafield><datafield ind1=" " ind2="0" tag="053"><subfield code="a">PA6478</subfield><subfield code="b">PA6480</subfield></datafield><datafield ind1="0" ind2=" " tag="100"><subfield code="a">Lucan,</subfield><subfield code="d">39-65</subfield></datafield><datafield ind1="1" ind2=" " tag="400"><subfield code="a">Lucanus, Marcus Annaeus,</subfield><subfield code="d">39-65</subfield></datafield><datafield ind1="1" ind2=" " tag="400"><subfield code="a">Lukan, Mark Anneĭ,</subfield><subfield code="d">39-65</subfield></datafield><datafield ind1="0" ind2=" " tag="400"><subfield code="a">Lucain,</subfield><subfield code="d">39-65</subfield></datafield><datafield ind1="1" ind2=" " tag="400"><subfield code="a">Lucano, Marco Anneo,</subfield><subfield code="d">39-65</subfield></datafield><datafield ind1="1" ind2=" " tag="400"><subfield code="a">Lucanus, Marcus Annaeus</subfield><subfield code="w">nnaa</subfield></datafield><datafield ind1=" " ind2=" " tag="670"><subfield code="a">De bello civili ... 1905.</subfield></datafield></record>